@article{risk-definition,
  title     = {{Definiciones acerca del riesgo y sus implicaciones}},
  journal   = {{Revista Cubana de Higiene y Epidemiolog\~A\-a}},
  author    = {Echemend{\'i}a Tocabens, Belkis},
  issn      = {1561-3003},
  language  = {es},
  url       = {http://scielo.sld.cu/scielo.php?script=sci_arttext&pid=S1561-30032011000300014&nrm=iso},
  volume    = {49},
  year      = {2011},
  month     = {12},
  pages     = {470 - 481},
  publisher = {scielocu}
}

@article{ekaterina,
  title     = {Probabilidad de ruina en el modelo cl{\'a}sico de Cramer-Lundberg},
  author    = {Jim{\'e}nez Hern{\'a}ndez, Jos{\'e} del Carmen and Maldonado Santiago, Alma Delia and others},
  journal   = {REPOSITORIO NACIONAL CONACYT},
  year      = {2011},
  publisher = {Universidad Tecnol{\'o}gica de la Mixteca}
}

@article{Bazzani,
  title        = {Analisis de riesgo en proyectos de inversion un caso de estudio},
  volume       = {1},
  url          = {https://revistas.utp.edu.co/index.php/revistaciencia/article/view/3771},
  doi          = {10.22517/23447214.3771},
  abstractnote = {El presente documento, expone una metodología técnica aplicada a un caso de estudio, que permita la identificación de los Riesgos Financieros en los Proyectos de Inversión de las empresas, su análisis y manejo, de tal forma que contribuya a garantizar el cumplimiento de los objetivos Institucionales (Misión y Visión) y la supervivencia de las empresas en Colombia, fortaleciendo continuamente la credibilidad de las mismas ante la sociedad nacional e internacional.},
  number       = {38},
  journal      = {Scientia et Technica},
  author       = {Bazzani C., Carmen Lucia and Cruz Trejos, Eduardo A.},
  year         = {2008},
  month        = {jun.}
}

@article{aseguradora,
  title     = {Aplicaci{\'o}n de un modelo de evaluaci{\'o}n crediticia para reducir el riesgo en la cartera de clientes de una compa{\~n}{\'\i}a aseguradora},
  author    = {Ch{\'\i}ncaro, Eduardo Arce and Puente, Miguel Mej{\'\i}a},
  journal   = {Industrial data},
  volume    = {14},
  number    = {2},
  pages     = {59--66},
  year      = {2011},
  publisher = {Universidad Nacional Mayor de San Marcos}
}

@article{lilliefors1969kolmogorov,
  title     = {On the Kolmogorov-Smirnov test for the exponential distribution with mean unknown},
  author    = {Lilliefors, Hubert W},
  journal   = {Journal of the American Statistical Association},
  volume    = {64},
  number    = {325},
  pages     = {387--389},
  year      = {1969},
  publisher = {Taylor \& Francis}
}

@inproceedings{seabold2010statsmodels,
  title     = {statsmodels: Econometric and statistical modeling with python},
  author    = {Seabold, Skipper and Perktold, Josef},
  booktitle = {9th Python in Science Conference},
  year      = {2010}
}

@misc{minitab,
  author = {Minitab, Inc.},
  title  = {MINITAB},
  year   = {2020},
  url    = {http://www.minitab.com/en-US/products/minitab/}
}

@article{evans2008distribution,
  title     = {The distribution of the Kolmogorov--Smirnov, Cramer--von Mises, and Anderson--Darling test statistics for exponential populations with estimated parameters},
  author    = {Evans, Diane L and Drew, John H and Leemis, Lawrence M},
  journal   = {Communications in Statistics—Simulation and Computation{\textregistered}},
  volume    = {37},
  number    = {7},
  pages     = {1396--1421},
  year      = {2008},
  publisher = {Taylor \& Francis}
}

@misc{taboga-2021,
  author = {given-i=Marco, family=Taboga},
  title  = {{Convolutions}},
  year   = {2021},
  url    = {https://www.statlect.com/glossary/convolutions}
}

@article{burnecki2005best,
  title   = {What is the best approximation of ruin probability in infinite time?},
  author  = {Burnecki, Krzysztof and Mi{\'s}ta, Pawe{\l} and Weron, Aleksander},
  journal = {Applicationes Mathematicae},
  volume  = {2},
  number  = {32},
  pages   = {155--176},
  year    = {2005}
}

@misc{josafat-santana-2020,
  author = {given-i=David, family={Josafat Santana}},
  month  = {6},
  title  = {{61/64 Probabilidad de ruina en tiempo continuo usando la fórmula de Pollaczeck-Khinchine.}},
  year   = {2020},
  url    = {https://www.youtube.com/watch?v=hbfbaC5S4wY}
}

@inproceedings{pandas,
  author    = { {W}es {M}c{K}inney },
  title     = { {D}ata {S}tructures for {S}tatistical {C}omputing in {P}ython },
  booktitle = { {P}roceedings of the 9th {P}ython in {S}cience {C}onference },
  pages     = { 56 - 61 },
  year      = { 2010 },
  editor    = { {S}t\'efan van der {W}alt and {J}arrod {M}illman },
  doi       = { 10.25080/Majora-92bf1922-00a }
}

@article{matplotlib,
  author    = {Hunter, J. D.},
  title     = {Matplotlib: A 2D graphics environment},
  journal   = {Computing in Science \& Engineering},
  volume    = {9},
  number    = {3},
  pages     = {90--95},
  abstract  = {Matplotlib is a 2D graphics package used for Python for
               application development, interactive scripting, and publication-quality
               image generation across user interfaces and operating systems.},
  publisher = {IEEE COMPUTER SOC},
  doi       = {10.1109/MCSE.2007.55},
  year      = 2007
}

@article{seaborn,
  doi       = {10.21105/joss.03021},
  url       = {https://doi.org/10.21105/joss.03021},
  year      = {2021},
  publisher = {The Open Journal},
  volume    = {6},
  number    = {60},
  pages     = {3021},
  author    = {Michael L. Waskom},
  title     = {seaborn: statistical data visualization},
  journal   = {Journal of Open Source Software}
}

@article{scipy,
  author  = {Virtanen, Pauli and Gommers, Ralf and Oliphant, Travis E. and
             Haberland, Matt and Reddy, Tyler and Cournapeau, David and
             Burovski, Evgeni and Peterson, Pearu and Weckesser, Warren and
             Bright, Jonathan and {van der Walt}, St{\'e}fan J. and
             Brett, Matthew and Wilson, Joshua and Millman, K. Jarrod and
             Mayorov, Nikolay and Nelson, Andrew R. J. and Jones, Eric and
             Kern, Robert and Larson, Eric and Carey, C J and
             Polat, {\.I}lhan and Feng, Yu and Moore, Eric W. and
             {VanderPlas}, Jake and Laxalde, Denis and Perktold, Josef and
             Cimrman, Robert and Henriksen, Ian and Quintero, E. A. and
             Harris, Charles R. and Archibald, Anne M. and
             Ribeiro, Ant{\^o}nio H. and Pedregosa, Fabian and
             {van Mulbregt}, Paul and {SciPy 1.0 Contributors}},
  title   = {{{SciPy} 1.0: Fundamental Algorithms for Scientific
             Computing in Python}},
  journal = {Nature Methods},
  year    = {2020},
  volume  = {17},
  pages   = {261--272},
  adsurl  = {https://rdcu.be/b08Wh},
  doi     = {10.1038/s41592-019-0686-2}
}

@book{rolski2009stochastic,
  title     = {Stochastic processes for insurance and finance},
  author    = {Rolski, Tomasz and Schmidli, Hanspeter and Schmidt, Volker and Teugels, Jozef L},
  year      = {2009},
  publisher = {John Wiley \& Sons}
}
